<record><leader>00000cas a22000007a 4500</leader><controlfield tag="001">17536261</controlfield><controlfield tag="008">880225d19461947lauwr ne      0    0eng d</controlfield><datafield ind1=" " ind2=" " tag="010"><subfield code="a">sn 88064182 </subfield></datafield><datafield ind1=" " ind2=" " tag="040"><subfield code="a">LNP</subfield><subfield code="b">eng</subfield><subfield code="c">LNP</subfield><subfield code="d">OCLCQ</subfield></datafield><datafield ind1=" " ind2=" " tag="042"><subfield code="a">msc</subfield></datafield><datafield ind1="0" ind2="4" tag="245"><subfield code="a">The Caldwell watchman and progress.</subfield></datafield><datafield ind1="3" ind2="0" tag="246"><subfield code="a">Caldwell watchman and the Caldwell progress</subfield></datafield><datafield ind1="3" ind2="0" tag="246"><subfield code="a">Caldwell watchman &amp; progress</subfield></datafield><datafield ind1=" " ind2=" " tag="260"><subfield code="a">Columbia, La. :</subfield><subfield code="b">Progress Print. Co.</subfield></datafield><datafield ind1=" " ind2=" " tag="310"><subfield code="a">Weekly,</subfield><subfield code="b">Nov. 29, 1946-Sept. 26, 1947</subfield></datafield><datafield ind1=" " ind2=" " tag="321"><subfield code="a">Semiweekly,</subfield><subfield code="b">Sept. 17, 1946-Nov. 22, 1946</subfield></datafield><datafield ind1="0" ind2=" " tag="362"><subfield code="a">Vol. 61, no. 39 (Sept. 17, 1946)-v. 62, no. 39 (Sept. 26, 1947).</subfield></datafield><datafield ind1=" " ind2=" " tag="500"><subfield code="a">Title varies slightly: The Caldwell watchman and the Caldwell progress, Dec. 13, 1946-April 25, 1947; The Caldwell watchman &amp; progress, May 2, 1947-Sept. 26, 1947.</subfield></datafield><datafield ind1=" " ind2="4" tag="651"><subfield code="a">Columbia (La.)</subfield><subfield code="v">Newspapers.</subfield></datafield><datafield ind1=" " ind2=" " tag="752"><subfield code="a">United States</subfield><subfield code="b">Louisiana</subfield><subfield code="c">Caldwell</subfield><subfield code="d">Columbia.</subfield></datafield><datafield ind1="0" ind2="0" tag="780"><subfield code="t">Caldwell watchman</subfield><subfield code="w">(DLC)sn 88064181</subfield></datafield><datafield ind1="0" ind2="0" tag="785"><subfield code="t">Caldwell watchman-progress</subfield><subfield code="w">(DLC)sn 88064183</subfield></datafield><datafield ind1="1" ind2=" " tag="029"><subfield code="a">AU@</subfield><subfield code="b">000025824916</subfield></datafield></record>